<record xmlns="http://www.loc.gov/MARC21/slim" xmlns:xsi="http://www.w3.org/2001/XMLSchema-instance" xsi:schemaLocation="http://www.loc.gov/MARC21/slim http://www.loc.gov/standards/marcxml/schema/MARC21slim.xsd"><leader>00000nmm a22004334i 4500</leader><controlfield tag="001">7418307</controlfield><controlfield tag="003">FI-BTJ</controlfield><controlfield tag="005">20240221123519.6</controlfield><datafield ind1="3" ind2=" " tag="024"><subfield code="a">3512899966888</subfield></datafield><datafield ind1="0" ind2="1" tag="028"><subfield code="a">PPSA10053</subfield></datafield><datafield ind1="0" ind2="1" tag="028"><subfield code="b">Focus Home Interactive</subfield><subfield code="a">9966888</subfield></datafield><datafield ind1=" " ind2=" " tag="035"><subfield code="a">(FI-BTJ)7418307</subfield></datafield><datafield ind1=" " ind2=" " tag="040"><subfield code="a">FI-BTJ</subfield><subfield code="b">fin</subfield><subfield code="e">rda</subfield></datafield><datafield ind1="0" ind2=" " tag="041"><subfield code="a">eng</subfield><subfield code="a">chi</subfield><subfield code="a">rus</subfield><subfield code="a">por</subfield><subfield code="a">spa</subfield><subfield code="a">ger</subfield><subfield code="a">ita</subfield><subfield code="a">fre</subfield><subfield code="j">eng</subfield><subfield code="j">fre</subfield><subfield code="j">ita</subfield><subfield code="j">ger</subfield><subfield code="j">spa</subfield><subfield code="j">por</subfield><subfield code="j">rus</subfield><subfield code="j">chi</subfield></datafield><datafield ind1=" " ind2=" " tag="049"><subfield code="c">K16</subfield></datafield><datafield ind1=" " ind2=" " tag="084"><subfield code="a">79.816</subfield><subfield code="2">ykl</subfield></datafield><datafield ind1=" " ind2=" " tag="091"><subfield code="a">82</subfield></datafield><datafield ind1=" " ind2=" " tag="092"><subfield code="a">79.816</subfield></datafield><datafield ind1=" " ind2=" " tag="093"><subfield code="a">79.816</subfield></datafield><datafield ind1=" " ind2=" " tag="095"><subfield code="a">798.2</subfield></datafield><datafield ind1=" " ind2=" " tag="097"><subfield code="a">79.816</subfield></datafield><datafield ind1="0" ind2="0" tag="245"><subfield code="a">Banishers: Ghosts of New Eden :</subfield><subfield code="b">PS5 /</subfield><subfield code="c">developed by Don't Nod Entertainment.</subfield></datafield><datafield ind1=" " ind2=" " tag="260"><subfield code="a">[Paris] :</subfield><subfield code="b">Focus Entertainment,</subfield><subfield code="c">[2024]</subfield></datafield><datafield ind1=" " ind2=" " tag="300"><subfield code="a">1 tietolevy :</subfield><subfield code="b">v&#228;rillinen, &#228;&#228;ni</subfield></datafield><datafield ind1=" " ind2=" " tag="336"><subfield code="a">kaksiulotteinen liikkuva kuva</subfield><subfield code="b">tdi</subfield><subfield code="2">rdacontent</subfield></datafield><datafield ind1=" " ind2=" " tag="336"><subfield code="a">tietokoneohjelma</subfield><subfield code="b">cop</subfield><subfield code="2">rdacontent</subfield></datafield><datafield ind1=" " ind2=" " tag="337"><subfield code="a">tietokonek&#228;ytt&#246;inen</subfield><subfield code="b">c</subfield><subfield code="2">rdamedia</subfield></datafield><datafield ind1=" " ind2=" " tag="338"><subfield code="a">tietolevy</subfield><subfield code="b">cd</subfield><subfield code="2">rdacarrier</subfield></datafield><datafield ind1=" " ind2=" " tag="500"><subfield code="a">1 pelaaja.</subfield></datafield><datafield ind1="1" ind2=" " tag="506"><subfield code="a">Kielletty alle 16-vuotiailta.</subfield></datafield><datafield ind1=" " ind2=" " tag="538"><subfield code="a">50,8 Gt kovalevytilaa.</subfield></datafield><datafield ind1=" " ind2=" " tag="546"><subfield code="a">Peli: englanti ; teksti: englanti, ranska, italia, saksa, espanja, portugali, ven&#228;j&#228;, kiina.</subfield></datafield><datafield ind1="0" ind2=" " tag="588"><subfield code="a">Nimeke nimi&#246;ruudusta.</subfield></datafield><datafield ind1=" " ind2="7" tag="650"><subfield code="a">kiroukset</subfield><subfield code="2">yso/fin</subfield><subfield code="0">http://www.yso.fi/onto/ysa/Y206796</subfield></datafield><datafield ind1=" " ind2="7" tag="650"><subfield code="a">kummitukset</subfield><subfield code="2">yso/fin</subfield><subfield code="0">http://www.yso.fi/onto/ysa/Y96522</subfield></datafield><datafield ind1=" " ind2="7" tag="655"><subfield code="a">videopelit</subfield><subfield code="2">slm/fin</subfield><subfield code="0">http://urn.fi/URN:NBN:fi:au:slm:s871</subfield></datafield><datafield ind1=" " ind2="7" tag="655"><subfield code="a">konsolipelit</subfield><subfield code="2">slm/fin</subfield><subfield code="0">http://urn.fi/URN:NBN:fi:au:slm:s492</subfield></datafield><datafield ind1=" " ind2="7" tag="655"><subfield code="a">toimintapelit</subfield><subfield code="2">slm/fin</subfield><subfield code="0">http://urn.fi/URN:NBN:fi:au:slm:s44</subfield></datafield><datafield ind1=" " ind2="7" tag="655"><subfield code="a">roolipelit</subfield><subfield code="2">slm/fin</subfield><subfield code="0">http://urn.fi/URN:NBN:fi:au:slm:s405</subfield></datafield><datafield ind1=" " ind2="7" tag="655"><subfield code="a">yksinpelit</subfield><subfield code="2">slm/fin</subfield><subfield code="0">http://urn.fi/URN:NBN:fi:au:slm:s1021</subfield></datafield><datafield ind1=" " ind2="7" tag="655"><subfield code="a">seikkailupelit</subfield><subfield code="2">slm/fin</subfield><subfield code="0">http://urn.fi/URN:NBN:fi:au:slm:s59</subfield></datafield><datafield ind1="2" ind2=" " tag="710"><subfield code="a">Don't Nod Entertainment.</subfield></datafield><datafield ind1=" " ind2=" " tag="753"><subfield code="a">Sony PlayStation 5</subfield></datafield><datafield ind1=" " ind2=" " tag="852"><subfield code="x">Helsingin luokanmuutos 18.2.2026</subfield></datafield></record>